@Article{Trapnell2012,
author="Trapnell, Cole
and Roberts, Adam
and Goff, Loyal
and Pertea, Geo
and Kim, Daehwan
and Kelley, David R.
and Pimentel, Harold
and Salzberg, Steven L.
and Rinn, John L.
and Pachter, Lior",
title="Differential gene and transcript expression analysis of RNA-seq experiments with TopHat and Cufflinks",
journal="Nat. Protocols",
year="2012",
month="Mar",
publisher="Nature Publishing Group, a division of Macmillan Publishers Limited. All Rights Reserved.",
volume="7",
number="3",
pages="562--578",
issn="1754-2189",
doi="10.1038/nprot.2012.016",
url="http://dx.doi.org/10.1038/nprot.2012.016"
}

